@MISC{lecturenotes,
author = "Morten Hjorth-Jensen",
title = "Lecture notes",
howpublished = "\url{https://github.com/CompPhysics/ComputationalPhysics/blob/master/doc/Lectures/lectures2015.pdf}",
year = "2015"
}


@MISC{DDMatrix,
title = "Diagonally dominant matrix",
howpublished = "\url{https://en.wikipedia.org/wiki/Diagonally_dominant_matrix}"
}

@MISC{Github,
title = "Github",
howpublished = "\url{https://github.com/simennb/fys4150-project-2}"
}
